@book{mosteller1977,
    author    = "F. Mosteller and J. W. Tukey",
    title     = "Data Analysis and Regression: A Second Course in Statistics",
    year      = "1977",
    publisher = "Addison-Wesley Pub Co",
    address   = "Reading, MA"
}

